@ARTICLE{Vickrey1961,
	AUTHOR = {W. Vickrey},
	TITLE = {Counterspeculation, auctions and sealed tenders},
	JOURNAL = {Journal of Finance},
	YEAR = {1961},
	volume = {16},
	pages = {8--37},
} 
@BOOK{Golumbic2004,
	AUTHOR = {M. C. Golumbic},
	TITLE = {Algorithmic Graph Theory and Perfect Graphs},
	PUBLISHER = {Elsevier Science},
	YEAR = {2004},
	edition = {2nd Edition},
}
@article{baggio,
	Author = {R. Baggio and M. van Lambalgen and P. Hagoort},
	Date-Added = {2014-02-06 14:22:28 +0100},
	Date-Modified = {2014-02-06 14:24:02 +0100},
	Journal = {Journal of {M}emory and {L}anguage},
	Pages = {36--53},
	Title = {Computing and recomputing discourse models: An {ERP} study},
	Volume = {59},
	Year = {2008}}